@article{DBLP:journals/jmlr/BengioDVJ03,
  author    = {Yoshua Bengio and
                 R{\'{e}}jean Ducharme and
                                Pascal Vincent and
                                               Christian Janvin},
                                                 title     = {A Neural Probabilistic Language Model},
                                                   journal   = {Journal of Machine Learning Research},
                                                     volume    = {3},
                                                       pages     = {1137--1155},
                                                         year      = {2003},
                                                           url       = {http://www.jmlr.org/papers/v3/bengio03a.html},
                                                             timestamp = {Thu, 05 Feb 2004 13:43:02 +0100},
                                                               biburl    = {http://dblp.uni-trier.de/rec/bib/journals/jmlr/BengioDVJ03},
                                                                 bibsource = {dblp computer science bibliography, http://dblp.org}
                                                                 }